<?xml version="1.0" encoding="utf-8"?>
<record xmlns="http://www.loc.gov/MARC21/slim" xmlns:xsi="http://www.w3.org/2001/XMLSchema-instance" xsi:schemaLocation="http://www.loc.gov/MARC21/slim http://www.loc.gov/standards/marcxml/schema/MARC21slim.xsd">
	<leader>     nam a22        4500</leader>
	<controlfield tag="001">3076391</controlfield>
	<controlfield tag="003">NNC</controlfield>
	<controlfield tag="006">m        d        </controlfield>
	<controlfield tag="007">cr cn |||m|||a</controlfield>
	<controlfield tag="008">150723s1954    ua      o     000 0 ara d</controlfield>
	<datafield ind1=" " ind2=" " tag="040">
		<subfield code="a">NNU</subfield>
		<subfield code="b">eng</subfield>
		<subfield code="e">rda</subfield>
		<subfield code="c">NNU</subfield>
	</datafield>
	<datafield ind1="1" ind2=" " tag="100">
		<subfield code="6">880-01</subfield>
		<subfield code="a">Jād al-Mawlá, Muḥammad Aḥmad.</subfield>
	</datafield>
	<datafield ind1="1" ind2="0" tag="245">
		<subfield code="6">880-02</subfield>
		<subfield code="a">Qiṣaṣ al-Qurʼān /</subfield>
		<subfield code="c">Jād al-Mawlá Muḥammad Aḥmad.</subfield>
	</datafield>
	<datafield ind1=" " ind2=" " tag="250">
		<subfield code="6">880-03</subfield>
		<subfield code="a">al-Ṭabʻah al-sādisah.</subfield>
	</datafield>
	<datafield ind1=" " ind2=" " tag="260">
		<subfield code="6">880-04</subfield>
		<subfield code="a">Miṣr :</subfield>
		<subfield code="b">al-Maktabah al-Tijāriyah al-Kubrá,</subfield>
		<subfield code="c">[1954]</subfield>
	</datafield>
	<datafield ind1=" " ind2=" " tag="300">
		<subfield code="a">online resource (431 pages)</subfield>
	</datafield>
	<datafield ind1=" " ind2=" " tag="336">
		<subfield code="a">text</subfield>
		<subfield code="2">rdacontent</subfield>
	</datafield>
	<datafield ind1=" " ind2=" " tag="337">
		<subfield code="a">computer</subfield>
		<subfield code="2">rdamedia</subfield>
	</datafield>
	<datafield ind1=" " ind2=" " tag="338">
		<subfield code="a">online resource</subfield>
		<subfield code="2">rdacarrier</subfield>
	</datafield>
	<datafield ind1=" " ind2=" " tag="500">
		<subfield code="a">Part of the Arabic Collections Online (ACO) project, contributed by Columbia University Libraries.</subfield>
	</datafield>
	<datafield ind1=" " ind2=" " tag="533">
		<subfield code="a">Electronic reproduction.</subfield>
		<subfield code="b">New York, N.Y. :</subfield>
		<subfield code="c">New York University,</subfield>
		<subfield code="d">2015.</subfield>
		<subfield code="5">NNU</subfield>
	</datafield>
	<datafield ind1=" " ind2=" " tag="546">
		<subfield code="a">In Arabic.</subfield>
	</datafield>
	<datafield ind1=" " ind2=" " tag="500">
		<subfield code="6">880-05</subfield>
		<subfield code="a">By M.A. Jād al-Mawlā, Muḥammad Abū al-Faḍl Ibrāhīm, ʻAlī Muḥammad al-Bajāwī and al-Sayyid Shaḥḥātah.</subfield>
	</datafield>
	<datafield ind1="0" ind2="0" tag="630">
		<subfield code="a">Qurʼan.</subfield>
	</datafield>
	<datafield ind1="0" ind2="7" tag="630">
		<subfield code="a">Qurʼan.</subfield>
		<subfield code="2">fast</subfield>
		<subfield code="0">(OCoLC)fst01842877</subfield>
	</datafield>
	<datafield ind1="1" ind2=" " tag="700">
		<subfield code="6">880-06</subfield>
		<subfield code="a">Ibrāhīm, Muḥammad Abū al-Faḍl,</subfield>
		<subfield code="e">author.</subfield>
	</datafield>
	<datafield ind1="2" ind2=" " tag="710">
		<subfield code="a">Columbia University.</subfield>
		<subfield code="b">Libraries.</subfield>
	</datafield>
	<datafield ind1="0" ind2=" " tag="730">
		<subfield code="a">Arabic Collections Online.</subfield>
	</datafield>
	<datafield ind1="0" ind2="8" tag="776">
		<subfield code="i">Print version:</subfield>
		<subfield code="a">Jād al-Mawlá, Muḥammad Aḥmad.</subfield>
		<subfield code="t">Qiṣaṣ al-Qurʼān</subfield>
		<subfield code="w">(NNC)3076391</subfield>
		<subfield code="w">(OCoLC)42910254</subfield>
	</datafield>
	<datafield ind1="4" ind2="0" tag="856">
		<subfield code="u">http://hdl.handle.net/2333.1/tx95x8td</subfield>
	</datafield>
	<datafield ind1="1" ind2=" " tag="880">
		<subfield code="6">100-01</subfield>
		<subfield code="a">جاد المولى، محمد احمد.</subfield>
	</datafield>
	<datafield ind1="1" ind2="0" tag="880">
		<subfield code="6">245-02</subfield>
		<subfield code="a">قصص القرآن /</subfield>
		<subfield code="c">جاد المولى محمد احمد. </subfield>
	</datafield>
	<datafield ind1=" " ind2=" " tag="880">
		<subfield code="6">250-03</subfield>
		<subfield code="a">الطبعة السادسة.</subfield>
	</datafield>
	<datafield ind1=" " ind2=" " tag="880">
		<subfield code="6">260-04</subfield>
		<subfield code="a">مصر :</subfield>
		<subfield code="b">المكتبة التجارية الكبرى،</subfield>
		<subfield code="c">[1954]</subfield>
	</datafield>
	<datafield ind1=" " ind2=" " tag="880">
		<subfield code="6">500-05</subfield>
		<subfield code="a">بي م.. جاد المولا، محمد ابو الفضل ابراهيم، علي محمد البجاوي اند السيد شحاتة.</subfield>
	</datafield>
	<datafield ind1="1" ind2=" " tag="880">
		<subfield code="6">700-06</subfield>
		<subfield code="a">ابراهيم، محمد ابو الفضل،</subfield>
		<subfield code="e">اثر.</subfield>
	</datafield>
	<datafield ind1=" " ind2=" " tag="959">
		<subfield code="a">NNU</subfield>
		<subfield code="b">WEB</subfield>
		<subfield code="c">GENI</subfield>
		<subfield code="t">0</subfield>
		<subfield code="m">Electronic access</subfield>
		<subfield code="s">01</subfield>
	</datafield>
	<datafield ind1=" " ind2=" " tag="999">
		<subfield code="i">NNC_3076391</subfield>
		<subfield code="o">(OCoLC)ocm42910254</subfield>
		<subfield code="s">columbia_aco000785</subfield>
		<subfield code="e">(ERROR-880)</subfield>
		<subfield code="s">columbia_aco000785</subfield>
	</datafield>
</record>
